% Encoding: UTF-8

@TechReport{XueJuanandSHENHaiJuan2010,
  author      = {Ge Hai Jiang and Zhang Xue Juan and Shen Hai Juan},
  institution = {Department of Communication and Electron,Hangzhou Vocational and Technical College,Hangzhou 310018,China},
  title       = {Research on control method of air mouse pointer based on two-axis analog gyroscope},
  year        = {2010},
  month       = nov,
  doi         = {10.16157/j.issn.0258-7998.2010.11.004},
  ranking     = {rank1},
  url         = {https://en.cnki.com.cn/Article_en/CJFDTotal-DZJY201011059.htm},
}

@Article{Nishikawa2021,
  author  = {Zenji Nishikawa},
  journal = {情報処理},
  title   = {Information Processing of Haptics：How Aas the PS5 Game Controller "DualSense" Born?},
  year    = {2021},
  doi     = {http://doi.org/10.20729/00211562},
  ranking = {rank2},
  url     = {https://ipsj.ixsq.nii.ac.jp/ej/index.php?active_action=repository_view_main_item_detail&page_id=13&block_id=8&item_id=211668&item_no=1},
}

@TechReport{,
  title = {Design of a 3D mouse using accelerometers},
  url   = {https://core.ac.uk/download/pdf/14698314.pdf},
}

@Article{,
  title = {The Teardown: Steam Controller},
  url   = {https://ieeexplore.ieee.org/abstract/document/7606770},
}

@Article{,
  title = {This mouse has an accelerometer, gyroscope, 50 buttons, and an OLED display to make you the ultimate gamer},
  url   = {https://www.theverge.com/circuitbreaker/2016/7/1/12078740/z-mouse-swiftpoint-kickstarter-pivot-game},
}

@Article{,
  title = {The cure for 'mouse arm': Gyroscopic mice},
  url   = {https://www.cnet.com/news/the-cure-for-mouse-arm-gyroscopic-mice/},
}

@InProceedings{Yun2015,
  author    = {Sangki Yun and Yi-Chao Chen and Lili Qiu},
  booktitle = {MobiSys '15: Proceedings of the 13th Annual International Conference on Mobile Systems, Applications, and Services},
  title     = {Turning a Mobile Device into a Mouse in the Air},
  year      = {2015},
  month     = may,
  ranking   = {rank3},
  url       = {https://dl.acm.org/doi/abs/10.1145/2742647.2742662},
}

@InProceedings{,
  title = {Air Mouse: An Everyday Mouse for the Ease of Computing},
  url   = {https://link.springer.com/chapter/10.1007/978-981-10-1708-7_49},
}

@InProceedings{Rupp2013,
  author    = {Michael A. Rupp and Paul Oppold and Daniel S. McConnell},
  booktitle = {Proceedings of the Human Factors and Ergonomics Society Annual Meeting},
  title     = {Comparing the Performance, Workload, and Usability of a Gamepad and Joystick in a Complex Task},
  year      = {2013},
  month     = sep,
  ranking   = {rank3},
  url       = {https://journals.sagepub.com/doi/abs/
10.1177/1541931213571398},
}

@TechReport{,
  title = {Enhancing Gamepad FPS Controls with Tilt-Driven Sensitivity Adjustment},
  url   = {http://www.eurasiagraphics.hacettepe.edu.tr/papers/13-Alankus.pdf},
}

@InProceedings{,
  title = {Measuring the impact of game controllers on player experience in FPS games},
  url   = {https://dl.acm.org/doi/abs/10.1145/2181037.2181052},
}

@Article{,
  title = {Beyond the Gamepad: HCI and Game Controller Design and Evaluation},
  url   = {https://link.springer.com/chapter/10.1007/978-1-84882-963-3_12},
}

@Article{,
  title = {Evaluation of Crosshair-Aided Gyroscope Gamepad Controller},
  url   = {https://link.springer.com/chapter/10.1007/978-3-030-27192-3_23},
}

@Article{,
  title = {Motion Controllers, Sound, and Music in Video Games: State of the Art and Research Perspectives},
  url   = {https://link.springer.com/chapter/10.1007/978-3-319-72272-6_8},
}

@Article{,
  title = {Applying Design Thinking for Prototyping a Game Controller},
  url   = {https://link.springer.com/chapter/10.1007/978-3-319-99426-0_2},
}

@Article{,
  title = {Fortnite Players On Switch Struggling To Aim With Gyro Controls After Most Recent Update},
  url   = {https://www.nintendolife.com/news/2020/10/fortnite_players_on_switch_struggling_to_aim_with_gyro_controls_after_most_recent_update},
}

@Misc{Nerrel2020,
  author  = {Nathan "Nerrel"},
  month   = jun,
  title   = {The Life, Embarrassing Death, and Legacy of the Steam Controller},
  year    = {2020},
  comment = {Any textual citations are based on the public transcript YouTube provides},
  ranking = {rank3},
  url     = {https://www.youtube.com/watch?v=5dsL1wgu2e8},
}

@Misc{CurrysDualShock2021,
  author  = {Currys},
  month   = oct,
  title   = {Buy PLAYSTATION PS5 DualSense Wireless Controller - Midnight Black | Free Delivery | Currys},
  year    = {2021},
  ranking = {rank3},
  url     = {https://www.currys.co.uk/gbuk/gaming/console-gaming/controllers/playstation-ps5-dualsense-wireless-controller-midnight-black-10224962-pdt.html},
}

@Misc{CurrysVive2021,
  author  = {Currys},
  month   = oct,
  title   = {Buy HTC Vive Cosmos Elite | Free Delivery | Currys},
  year    = {2021},
  ranking = {rank3},
  url     = {https://www.currys.co.uk/gbuk/gaming/virtual-reality/vr/htc-vive-cosmos-elite-10229508-pdt.html},
}

@Misc{CurrysOculus2021,
  author  = {Currys},
  month   = aug,
  title   = {Buy OCULUS Quest 2 VR Gaming Headset - 128 GB | Free Delivery | Currys},
  year    = {2021},
  ranking = {rank3},
  url     = {https://www.currys.co.uk/gbuk/gaming/virtual-reality/vr/oculus-quest-2-vr-gaming-headset-128-gb-10226485-pdt.html},
}

@Misc{Microsoft2021,
  author  = {Microsoft},
  month   = oct,
  title   = {HoloLens 2-Pricing and Options | Microsoft HoloLens},
  year    = {2021},
  ranking = {rank3},
  url     = {https://www.microsoft.com/en-us/hololens/buy},
}

@Comment{jabref-meta: databaseType:bibtex;}
